Trade_Time,Price_USD,Volume_BTC,Symbol
2025-09-29 23:51:14.402,114255.3,0.02,BTCUSDT
2025-09-29 23:51:14.487,114255.3,0.001,BTCUSDT
2025-09-29 23:51:14.564,114255.2,0.02,BTCUSDT
2025-09-29 23:51:14.630,114255.2,0.01,BTCUSDT
2025-09-29 23:51:15.347,114255.2,0.014,BTCUSDT
2025-09-29 23:51:15.383,114255.3,0.02,BTCUSDT
2025-09-29 23:51:15.824,114255.2,0.006,BTCUSDT
2025-09-29 23:51:15.824,114255.2,0.002,BTCUSDT
2025-09-29 23:51:15.873,114255.2,0.018,BTCUSDT
2025-09-29 23:51:15.969,114255.2,0.001,BTCUSDT
2025-09-29 23:51:16.031,114255.2,0.001,BTCUSDT
2025-09-29 23:51:16.056,114255.2,0.002,BTCUSDT
2025-09-29 23:51:16.064,114255.2,0.046,BTCUSDT
2025-09-29 23:51:16.064,114255.2,0.07,BTCUSDT
2025-09-29 23:51:16.064,114255.2,0.087,BTCUSDT
2025-09-29 23:51:16.064,114255.2,0.087,BTCUSDT
2025-09-29 23:51:16.064,114255.2,0.002,BTCUSDT
2025-09-29 23:51:16.064,114255.2,0.001,BTCUSDT
2025-09-29 23:51:16.064,114255.2,0.003,BTCUSDT
2025-09-29 23:51:16.064,114255.2,0.001,BTCUSDT
2025-09-29 23:51:16.064,114255.2,0.383,BTCUSDT
2025-09-29 23:51:16.064,114255.2,0.001,BTCUSDT
2025-09-29 23:51:16.064,114255.2,0.065,BTCUSDT
2025-09-29 23:51:16.064,114255.2,0.034,BTCUSDT
2025-09-29 23:51:16.064,114255.2,0.001,BTCUSDT
2025-09-29 23:51:16.064,114255.2,0.007,BTCUSDT
2025-09-29 23:51:16.064,114255.2,0.001,BTCUSDT
2025-09-29 23:51:16.064,114255.2,0.01,BTCUSDT
2025-09-29 23:51:16.064,114255.2,0.026,BTCUSDT
2025-09-29 23:51:16.064,114255.2,0.001,BTCUSDT
2025-09-29 23:51:16.064,114255.2,0.008,BTCUSDT
2025-09-29 23:51:16.064,114255.2,0.004,BTCUSDT
2025-09-29 23:51:16.064,114255.2,0.07,BTCUSDT
2025-09-29 23:51:16.064,114255.2,0.001,BTCUSDT
2025-09-29 23:51:16.064,114255.2,0.001,BTCUSDT
2025-09-29 23:51:16.064,114255.2,0.008,BTCUSDT
2025-09-29 23:51:16.064,114255.2,0.07,BTCUSDT
2025-09-29 23:51:16.064,114255.2,0.002,BTCUSDT
2025-09-29 23:51:16.064,114255.2,0.323,BTCUSDT
2025-09-29 23:51:16.064,114255.2,0.07,BTCUSDT
2025-09-29 23:51:16.064,114255.2,0.005,BTCUSDT
2025-09-29 23:51:16.064,114255.2,0.048,BTCUSDT
2025-09-29 23:51:16.064,114255.2,0.006,BTCUSDT
2025-09-29 23:51:16.064,114255.1,0.001,BTCUSDT
2025-09-29 23:51:16.064,114255.1,0.002,BTCUSDT
2025-09-29 23:51:16.064,114255.1,0.001,BTCUSDT
2025-09-29 23:51:16.064,114255.1,0.002,BTCUSDT
2025-09-29 23:51:16.064,114254.7,0.004,BTCUSDT
2025-09-29 23:51:16.064,114254.7,0.004,BTCUSDT
2025-09-29 23:51:16.064,114254.7,0.004,BTCUSDT
2025-09-29 23:51:16.064,114254.7,0.003,BTCUSDT
2025-09-29 23:51:16.064,114254.5,0.001,BTCUSDT
2025-09-29 23:51:16.064,114254.5,0.001,BTCUSDT
2025-09-29 23:51:16.064,114254.4,0.002,BTCUSDT
2025-09-29 23:51:16.064,114254.3,0.002,BTCUSDT
2025-09-29 23:51:16.064,114254.0,0.002,BTCUSDT
2025-09-29 23:51:16.064,114253.9,0.002,BTCUSDT
2025-09-29 23:51:16.064,114253.8,0.002,BTCUSDT
2025-09-29 23:51:16.064,114253.7,0.002,BTCUSDT
2025-09-29 23:51:16.064,114253.7,0.087,BTCUSDT
2025-09-29 23:51:16.064,114253.7,0.131,BTCUSDT
2025-09-29 23:51:16.064,114253.3,0.001,BTCUSDT
2025-09-29 23:51:16.064,114253.2,0.001,BTCUSDT
2025-09-29 23:51:16.064,114253.2,0.001,BTCUSDT
2025-09-29 23:51:16.064,114253.2,0.002,BTCUSDT
2025-09-29 23:51:16.064,114253.2,0.002,BTCUSDT
2025-09-29 23:51:16.064,114253.2,0.041,BTCUSDT
2025-09-29 23:51:16.064,114253.2,0.065,BTCUSDT
2025-09-29 23:51:16.064,114253.2,0.066,BTCUSDT
2025-09-29 23:51:16.069,114253.2,0.001,BTCUSDT
2025-09-29 23:51:16.136,114253.2,0.008,BTCUSDT
2025-09-29 23:51:16.413,114253.2,0.001,BTCUSDT
2025-09-29 23:51:16.423,114253.3,0.02,BTCUSDT
2025-09-29 23:51:16.709,114253.2,0.002,BTCUSDT
2025-09-29 23:51:17.008,114253.2,0.004,BTCUSDT
2025-09-29 23:51:17.026,114253.3,0.175,BTCUSDT
2025-09-29 23:51:17.308,114253.2,0.027,BTCUSDT
2025-09-29 23:51:17.441,114253.3,0.02,BTCUSDT
2025-09-29 23:51:17.511,114253.2,0.006,BTCUSDT
2025-09-29 23:51:17.515,114253.2,0.004,BTCUSDT
2025-09-29 23:51:17.548,114253.2,0.004,BTCUSDT
2025-09-29 23:51:17.665,114253.2,0.003,BTCUSDT
2025-09-29 23:51:17.911,114253.2,0.001,BTCUSDT
2025-09-29 23:51:17.984,114253.2,0.002,BTCUSDT
2025-09-29 23:51:18.012,114253.2,0.005,BTCUSDT
2025-09-29 23:51:18.012,114253.2,0.001,BTCUSDT
2025-09-29 23:51:18.019,114253.2,0.013,BTCUSDT
2025-09-29 23:51:18.124,114253.2,0.003,BTCUSDT
2025-09-29 23:51:18.249,114253.2,0.007,BTCUSDT
2025-09-29 23:51:18.363,114253.2,0.025,BTCUSDT
2025-09-29 23:51:18.380,114253.2,0.003,BTCUSDT
2025-09-29 23:51:18.399,114253.3,0.02,BTCUSDT
2025-09-29 23:51:18.474,114253.2,0.011,BTCUSDT
2025-09-29 23:51:18.528,114253.2,0.026,BTCUSDT
2025-09-29 23:51:18.680,114253.2,0.001,BTCUSDT
2025-09-29 23:51:18.770,114253.3,0.018,BTCUSDT
2025-09-29 23:51:19.194,114253.2,0.002,BTCUSDT
2025-09-29 23:51:19.340,114253.3,0.02,BTCUSDT
2025-09-29 23:51:19.382,114253.2,0.014,BTCUSDT
2025-09-29 23:51:19.587,114253.2,0.001,BTCUSDT
2025-09-29 23:51:19.611,114253.2,0.003,BTCUSDT
2025-09-29 23:51:19.896,114253.2,0.005,BTCUSDT
2025-09-29 23:51:20.109,114253.3,0.021,BTCUSDT
2025-09-29 23:51:20.407,114253.3,0.02,BTCUSDT
2025-09-29 23:51:20.822,114253.3,0.001,BTCUSDT
2025-09-29 23:51:20.923,114253.2,0.008,BTCUSDT
2025-09-29 23:51:20.953,114253.2,0.004,BTCUSDT
2025-09-29 23:51:21.294,114253.3,0.001,BTCUSDT
2025-09-29 23:51:21.295,114253.2,0.032,BTCUSDT
2025-09-29 23:51:21.431,114253.3,0.02,BTCUSDT
2025-09-29 23:51:21.668,114253.2,0.003,BTCUSDT
2025-09-29 23:51:21.794,114253.3,0.026,BTCUSDT
2025-09-29 23:51:21.803,114253.2,0.02,BTCUSDT
2025-09-29 23:51:21.997,114253.2,0.012,BTCUSDT
2025-09-29 23:51:22.182,114253.2,0.001,BTCUSDT
2025-09-29 23:51:22.463,114253.2,0.001,BTCUSDT
2025-09-29 23:51:22.477,114253.3,0.02,BTCUSDT
2025-09-29 23:51:22.539,114253.2,0.37,BTCUSDT
2025-09-29 23:51:22.657,114253.2,0.004,BTCUSDT
2025-09-29 23:51:23.039,114253.3,0.113,BTCUSDT
2025-09-29 23:51:23.464,114253.3,0.02,BTCUSDT
2025-09-29 23:51:23.621,114253.2,0.001,BTCUSDT
2025-09-29 23:51:23.624,114253.2,0.001,BTCUSDT
2025-09-29 23:51:23.803,114253.3,0.011,BTCUSDT
2025-09-29 23:51:24.009,114253.3,0.002,BTCUSDT
2025-09-29 23:51:24.422,114253.3,0.02,BTCUSDT
2025-09-29 23:51:24.615,114253.2,0.001,BTCUSDT
2025-09-29 23:51:24.615,114253.2,0.018,BTCUSDT
2025-09-29 23:51:24.725,114253.3,0.001,BTCUSDT
2025-09-29 23:51:25.093,114253.2,0.052,BTCUSDT
2025-09-29 23:51:25.093,114253.2,0.003,BTCUSDT
2025-09-29 23:51:25.093,114253.2,0.087,BTCUSDT
2025-09-29 23:51:25.093,114253.2,0.087,BTCUSDT
2025-09-29 23:51:25.093,114253.2,0.001,BTCUSDT
2025-09-29 23:51:25.093,114253.2,0.087,BTCUSDT
2025-09-29 23:51:25.093,114253.2,0.183,BTCUSDT
2025-09-29 23:51:25.475,114253.3,0.02,BTCUSDT
2025-09-29 23:51:25.565,114253.2,0.022,BTCUSDT
2025-09-29 23:51:25.675,114253.2,0.013,BTCUSDT
2025-09-29 23:51:25.677,114253.2,0.001,BTCUSDT
2025-09-29 23:51:25.678,114253.2,0.002,BTCUSDT
2025-09-29 23:51:25.787,114253.2,0.005,BTCUSDT
2025-09-29 23:51:25.974,114253.2,0.051,BTCUSDT
2025-09-29 23:51:25.974,114253.2,0.1,BTCUSDT
2025-09-29 23:51:25.974,114253.2,0.001,BTCUSDT
2025-09-29 23:51:25.974,114253.2,0.001,BTCUSDT
2025-09-29 23:51:25.974,114253.2,0.001,BTCUSDT
2025-09-29 23:51:25.974,114253.2,0.001,BTCUSDT
2025-09-29 23:51:25.974,114253.2,0.006,BTCUSDT
2025-09-29 23:51:25.974,114253.2,0.006,BTCUSDT
2025-09-29 23:51:25.974,114253.2,0.07,BTCUSDT
2025-09-29 23:51:25.974,114253.2,0.07,BTCUSDT
2025-09-29 23:51:25.974,114253.2,0.026,BTCUSDT
2025-09-29 23:51:25.974,114253.2,0.001,BTCUSDT
2025-09-29 23:51:25.974,114253.2,0.001,BTCUSDT
2025-09-29 23:51:25.974,114253.2,0.022,BTCUSDT
2025-09-29 23:51:25.974,114253.2,0.053,BTCUSDT
2025-09-29 23:51:25.974,114253.2,0.006,BTCUSDT
2025-09-29 23:51:25.974,114253.2,0.001,BTCUSDT
2025-09-29 23:51:25.974,114253.2,0.003,BTCUSDT
2025-09-29 23:51:25.974,114253.2,0.07,BTCUSDT
2025-09-29 23:51:25.974,114253.2,0.009,BTCUSDT
2025-09-29 23:51:25.974,114253.2,0.115,BTCUSDT
2025-09-29 23:51:25.979,114253.2,0.001,BTCUSDT
2025-09-29 23:51:25.979,114253.2,0.006,BTCUSDT
2025-09-29 23:51:25.979,114253.2,0.001,BTCUSDT
2025-09-29 23:51:25.979,114253.2,0.001,BTCUSDT
2025-09-29 23:51:25.979,114253.2,0.003,BTCUSDT
2025-09-29 23:51:25.979,114253.2,0.006,BTCUSDT
2025-09-29 23:51:25.979,114253.2,0.017,BTCUSDT
2025-09-29 23:51:25.980,114253.2,0.032,BTCUSDT
2025-09-29 23:51:25.980,114253.2,0.006,BTCUSDT
2025-09-29 23:51:25.980,114253.1,0.002,BTCUSDT
2025-09-29 23:51:25.980,114253.1,0.002,BTCUSDT
2025-09-29 23:51:25.980,114253.1,0.001,BTCUSDT
2025-09-29 23:51:25.980,114253.1,0.006,BTCUSDT
2025-09-29 23:51:25.980,114253.0,0.09,BTCUSDT
2025-09-29 23:51:25.980,114252.9,0.034,BTCUSDT
2025-09-29 23:51:25.980,114252.9,0.002,BTCUSDT
2025-09-29 23:51:25.984,114252.8,0.017,BTCUSDT
2025-09-29 23:51:25.984,114252.8,0.001,BTCUSDT
2025-09-29 23:51:25.984,114252.8,0.001,BTCUSDT
2025-09-29 23:51:25.984,114252.5,0.002,BTCUSDT
2025-09-29 23:51:25.984,114252.3,0.001,BTCUSDT
2025-09-29 23:51:25.984,114252.3,0.001,BTCUSDT
2025-09-29 23:51:25.984,114252.3,0.004,BTCUSDT
2025-09-29 23:51:25.984,114252.3,0.003,BTCUSDT
2025-09-29 23:51:25.984,114252.0,0.002,BTCUSDT
2025-09-29 23:51:25.984,114252.0,0.002,BTCUSDT
2025-09-29 23:51:25.984,114252.0,0.004,BTCUSDT
2025-09-29 23:51:25.984,114252.0,0.004,BTCUSDT
2025-09-29 23:51:26.179,114251.9,0.006,BTCUSDT
2025-09-29 23:51:26.270,114251.9,0.004,BTCUSDT
2025-09-29 23:51:26.308,114251.9,0.001,BTCUSDT
2025-09-29 23:51:26.462,114252.0,0.02,BTCUSDT
2025-09-29 23:51:26.631,114251.9,0.001,BTCUSDT
2025-09-29 23:51:26.868,114252.0,0.001,BTCUSDT
2025-09-29 23:51:27.027,114252.0,0.018,BTCUSDT
2025-09-29 23:51:27.396,114252.0,0.02,BTCUSDT
2025-09-29 23:51:27.490,114252.0,0.031,BTCUSDT
2025-09-29 23:51:27.777,114252.0,0.001,BTCUSDT
2025-09-29 23:51:27.792,114251.9,0.001,BTCUSDT
2025-09-29 23:51:28.403,114252.0,0.02,BTCUSDT
2025-09-29 23:51:28.534,114251.9,0.052,BTCUSDT
2025-09-29 23:51:28.534,114251.9,0.001,BTCUSDT
2025-09-29 23:51:28.534,114251.9,0.001,BTCUSDT
2025-09-29 23:51:28.534,114251.9,0.001,BTCUSDT
2025-09-29 23:51:28.534,114251.9,0.001,BTCUSDT
2025-09-29 23:51:28.534,114251.9,0.028,BTCUSDT
2025-09-29 23:51:28.608,114251.9,0.012,BTCUSDT
